@article{quinlan2000rose,
  title={{ROSE}: Compiler support for object-oriented frameworks},
  author={Quinlan, Dan},
  journal={Parallel Processing Letters},
  volume={10},
  number={02n03},
  pages={215--226},
  year={2000},
  publisher={World Scientific}
}

@misc{rose,
  title={{ROSE} compiler infrastructure},
  note="\url{http://rosecompiler.org}"
}

@misc{rosemanual,
  title={{ROSE} web reference},
  note="\url{http://rosecompiler.org/ROSE_HTML_Reference/index.html}"
}

@misc{xpath,
 title={{XML Path Language (XPath) Version 1.0}},
 note="\url{http://www.w3.org/TR/xpath/}"
}

@book{Kay08xslt,
 author = {Kay, Michael},
 title = {{XSLT} 2.0 and {XPath} 2.0 Programmer's Reference (Programmer to Programmer)},
 year = {2008},
 edition = {4},
 publisher = {Wrox Press Ltd.},
} 

@misc{json,
  title="Introducing {JSON}",
  note="\url{http://www.json.org/}"
}

@misc{cmake,
  author="{Kitware}",
  title="{CMake}",
  note="\url{http://www.cmake.org/}"
}

@inproceedings{xevxml-hipc,
  author="Hiroyuki Takizawa and Shoichi Hirasawa and  Yasuharu Hayashi and  Ryusuke Egawa and  Hiroaki Kobayashi", 
  title="{Xevolver}: An {XML}-based Code Translation Framework for Supporting {HPC} Application Migration",
  booktitle="IEEE International Conference on High Performance Computing (HiPC)",
  year="2014"
}

@misc{xevxml-sc13,
  author="Hiroyuki Takizawa and Shoichi Hirasawa and  Hiroaki Kobayashi", 
  title="{Xevolver}: An {XML}-based Programming Framework for Software Evolution",
  note="Poster presentation at {\it Supercomputing 2013~(SC13)}, 2013",
 }

@misc{xml11,
  title="{Extensible Markup Language (XML) 1.1 (Second Edition)}",
  note="\url{http://www.w3.org/TR/xml11/}"
}


@book{Tidwell08xslt,
  title={{XSLT}},
  author={Tidwell, D.},
  isbn={9781449391126},
  comment.url={http://books.google.co.jp/books?id=W6SpffnfEPoC},
  year={2008},
  publisher={O'Reilly Media}
}
